
@misc{PDI-UFSCar,
author={{Universidade Federal de São Carlos - UFSCar}},
title={Plano de Desenvolvimento Institucional},
howpublished={},
institution={UFSCar},
year={2014},
address={São Carlos, São Paulo},
pages={48},
}


@misc{DCN-BCC,
author={{Ministério da Educação - MEC}},
title={Diretrizes Curriculares Nacionais de Cursos de Computação},
howpublished={Resolução nro 5},
institution={MEC},
year={16 de Novembro de 2016},
address={São Carlos, São Paulo},
pages={},
}


@misc{Regimento-Geral-CursosGraduacao-UFSCar,
author={{Universidade Federal de São Carlos - UFSCar}},
title={Regimento Geral dos Cursos de Graduação},
howpublished={},
institution={UFSCar},
year={Setembro de 2016},
address={São Carlos, São Paulo},
pages={115},
}


@misc{PNE,
author={Brasil},
title={Lei Nº 13.005, de 25 de junho de 2014},
howpublished={},
institution={Presidência da República do Brasil},
address={Brasília, DF},
note={Disponível em: http://www.planalto.gov.br/ccivil\_03/\_ato2011-2014/2014/lei/l13005.htm. Acesso em: 15/04/2017.}
}

@misc{SENAC,
author={{SENAC DN}},
title={Projeto Integrador},
howpublished={Coleção de Documentos Técnicos do Modelo Pedagógico Senac},
institution={SENAC},
year={2015},
address={Rio de Janeiro},
pages={36},
}

@misc{SBC-Diretrizes,
	author= {SBC-Sociedade Brasileira de Computação},    
    Title = "Diretrizes Curriculares Nacionais para Cursos de Computação",
    howpublished = {http://www.sbc.org},
    Institution = {Sociedade Brasileira de Computação},
    Year = {2011},
}


@techreport{ACM-CURRICULA,
title = {Computer Science Curricula 2013},
author = {ACM/IEEE-CS Joint Task Force on Computing Curricula},
month = {December},
year = {2013},
institution = {ACM Press and IEEE Computer Society Press},
url = {http://dx.doi.org/10.1145/2534860},
doi = {10.1145/2534860}
}

@Misc{Moodle,
author = "{Moodle.org}",
title = "{Moodle - A Free, Open Source Course Management System for Online Learning}",
howpublished = {http://moodle.org/},
month = {Mar},
year = {2008},
}