@misc{RGCG,
    author = {UFSCar},
    title = {Regimento Geral dos Cursos de Graduação},
    howpublished = {},
    institution = {UFSCar},
    year = {2016},
    address = {São Carlos, São Paulo},
    pages = {115},
}

@misc{CPA,
    author = {UFSCar},
    title = {Comissão Própria de Avaliação},
    url = {http://www.cpa.ufscar.br},
    urldate = {29/06/2018}
}

@misc{SENAC,
    author = {{SENAC DN}},
    title = {Projeto Integrador},
    howpublished = {Coleção de Documentos Técnicos do Modelo Pedagógico Senac},
    institution = {SENAC},
    year = {2015},
    address = {Rio de Janeiro},
    pages = {36},
}

@misc{ARM2013,
    title = {Compute Power with Energy-Efficiency: Partnerships, Standards and the ARM GPU Perspective},
    author = {Jem Davies},
    institution = {ARM},
    year = {2013},
    url = {http://developer.amd.com/wordpress/media/2013/06/Compute_Power_with_Energy-Efficiency_Jem_AMD_v1.1.pdf},
    urldate = {29/06/2018}
}

@misc{PDI-UFSCAR,
    author = {UFSCar},
    title = {Plano de desenvolvimento institucional – PDI/MEC},
    institution = {UFSCar},
    year = {2013},
    address = {São Carlos, São Paulo},
    pages = {50},
}

@misc{ufscar2008perfil,
    author = {UFSCar},
    title = {Perfil Profissional a ser formado na UFSCar},
    institution = {UFSCar},
    year = {2008},
    edition = {2},
    address = {São Carlos, São Paulo},
    pages = {24},
    url = {http://www.pdi.ufscar.br/aspectos-academicos/perfil-do-profissional},
}

@misc{Brasil2014,
    author = {Brasil},
    title = {Lei Nº 13.005, de 25 de junho de 2014. Aprova o Plano Nacional de Educação -- PNE -- e dá outras providências.},
    howpublished = {Página Web},
    institution = {Presidência da República},
    address = {Brasília, DF},
    url = {http://www.planalto.gov.br/ccivil_03/_ato2011-2014/2014/lei/l13005.htm},
    urldate = {15/04/2017},
}

@misc{SBC-Diretrizes,
    author = {SBC},
    Title = {Diretrizes Curriculares},
    howpublished = {http://www.sbc.org},
    Institution = {Sociedade Brasileira de Computação},
    Year = {2011},
}

@article{DENNING,
    author = {Peter J. Denning},
    title = {The science in computer science},
    journal = {Commun. {ACM}},
    year = {2013},
    volume = {56},
    number = {5},
    pages = {35--38},
}

@techreport{ACM-CURRICULA,
    title = {Computer Science Curricula 2013},
    author = {{ACM/IEEE-CS}},
    month = {12},
    year = {2013},
    institution = {ACM Press and IEEE Computer Society Press},
    url = {http://dx.doi.org/10.1145/2534860},
    doi = {10.1145/2534860}
}

@misc{CNE2019,
    title = {Resolução CNE/CES nº~4, de 24 de Abril de 2019},
    author = {Brasil and MEC},
    month = {4},
    year = {2019},
    url = {https://normativasconselhos.mec.gov.br/normativa/view/CNE_RES_CNECESN22019.pdf},
    institution = {Ministério da Educação},
}

% @book{CE2016,
%     author = {Joint Task Force on Computing Curricula, Association for Computing Machinery (ACM) and IEEE Computer Society {CE2016 Task Force}},
%     title = {Computer Science Curricula 2013: Curriculum Guidelines for Undergraduate Degree Programs in Computer Science},
%     year = {2013},
%     isbn = {9781450323093},
%     publisher = {Association for Computing Machinery},
%     address = {New York, NY, USA}
% }

@techreport{CE2016,
    title = {Computer Engineering Curricula 2016: Curriculum Guidelines for Undergraduate Degree Programs in Computer Engineering},
    author = {{ACM/IEEE-CS}},
    month = {12},
    year = {2016},
    url = {https://www.acm.org/binaries/content/assets/education/ce2016-final-report.pdf},
    urldate = {13/3/2023},
}

@book{CC2020,
    author = {{ACM/IEEE-CS}},
    title = {Computing Curricula 2020: Paradigms for Global Computing Education},
    year = {2020},
    isbn = {9781450390590},
    publisher = {Association for Computing Machinery},
    address = {New York, NY, USA},
    url = {https://www.acm.org/binaries/content/assets/education/curricula-recommendations/cc2020.pdf},
    urldate = {13/5/2023},
}




%%%%% TEMPLATES - MARCIO:
%
%
%@phdthesis{Ravindran:EECS-2007-149,
%    Author = {Ravindran, Kaushik},
%    Title = {Task Allocation and Scheduling of Concurrent Applications to Multiprocessor Systems},
%    School = {EECS Department, University of California, Berkeley},
%    Year = {2007},
%    Month = {Dec},
%    Number = {UCB/EECS-2007-149}
%}
%
%
%@techreport{RAMP,
%    Author = {Wawrzynek, John and Oskin, Mark and Kozyrakis, Christoforos and Chiou, Derek and Patterson, David A. and Lu, Shih-Lien and Hoe, James C. and Asanovic, Krste},
%    Title = {RAMP: A Research Accelerator for Multiple Processors},
%    Institution = {EECS Department, University of California, Berkeley},
%    Year = {2006},
%    Month = {Nov},
%    Number = {UCB/EECS-2006-158}
%}
%
%@inproceedings{Wee,
%    author = {Sewook Wee and Jared Casper and Njuguna Njoroge and Yuriy Tesylar and Daxia Ge and Christos Kozyrakis and Kunle Olukotun},
%    title = {A practical FPGA-based framework for novel CMP research},
%    booktitle = {FPGA '07: Proceedings of the 2007 ACM/SIGDA 15th international symposium on Field programmable gate arrays},
%    year = {2007},
%    pages = {116--125},
%    location = {Monterey, California, USA},
%    address = {New York, NY, USA},
%}
%
%
%@book{MPI,
%    author = {Marc Snir and Steve Otto},
%    title = {MPI-The Complete Reference: The MPI Core},
%    year = {1998},
%    publisher = {MIT Press},
%    address = {Cambridge, MA, USA},
%}
%
%
%@Misc{AmdMulticore,
%    author = "{AMD}",
%    title = "{Quad-Core AMD Processors}",
%    howpublished = {http://multicore.amd.com},
%    month = {Mar},
%    year = {2008},
%}
%
%
%@Misc{Moodle,
%    author = "{Moodle.org}",
%    title = "{Moodle - A Free, Open Source Course Management System for Online Learning}",
%    howpublished = {http://moodle.org/},
%    month = {Mar},
%    year = {2008},
%}
%
%
%@misc{cne-2002-11,
%    author = {BRASIL},
%    Title = "Resolução CNE/CES n° 11/2002, de 11 de março de 2002. Institui Diretrizes Curriculares Nacionais dos Cursos de Engenharia.",
%    Institution = {BRASIL},
%    Year = {2002},
%}


% BRASIL, Resolução CNE/CES n° 11/2002, de 11 de março de 2002. Institui Diretrizes Curriculares Nacionais dos Cursos de Engenharia.
% ASSOCIAÇÃO BRASILEIRA DE EDUCAÇÃO EM ENGENHARIA - ABENGE. Proposta de Diretrizes
% Curriculares Nacionais para o Curso de Engenharia. Brasília, 2018.
% BRASIL, Lei n° 11.788, de 25 de setembro de 2008, dispõe sobre Estágio de Estudantes.
% BRASIL, Ministério da Educação e Cultura. Lei n°9.394, de 20 de dezembro de1996. Estabelece as DIRETRIZES E BASES DA EDUCAÇÃO NACIONAL(LDB).
% BRASIL, Parecer CNE/CES n° 184/2006, de 07 de julho de 2006. Retificação do Parecer CNE/CES n° 329/2004, referente à Carga Horária Mínima dos Cursos de Graduação, Bacharelados, na Modalidade Presencial.
% BRASIL, Parecer CNE/CES n° 329/2004, de 11 de novembro de 2001. Carga Horária Mínima dos Cursos de Graduação, Bacharelados, na Modalidade Presencial.
% BRASIL, Presidência da República, Casa Civil, Subchefia para Assuntos Jurídicos. Decreto n°5.626, de 22 de dezembro de 2005, dispõe sobre Língua Brasileira de Sinais (LIBRAS).
% CASTRO, O. F. Deontologia da Engenharia, Arquitetura e Agronomia: legislação profissional. Goiânia: Editora do CREA/GO, 1995, 527p.
% CONSELHO FEDERAL DE ENGENHARIA, ARQUITETURA E AGRONOMIA (CONFEA). A falta de Engenheiros,2016. Disponível em: http://www.confea.org.br/cgi/cgilua.exe/sys/start.htm?infoid=15360&sid=1206
% DEMÉTRIO, V. A. Retrospectiva sobre as profissões fiscalizadas pelo sistema CONFEA/CREAs. São Paulo: CREA-SP, 1989.
% FLORENÇANO, J. C. S.; ABUD, M. J. M. Histórico das profissões de engenheiro, arquiteto e agrônomo no Brasil. Revista Ciências Exatas, Taubaté, v. 5-8, p. 97-105, 1999-2002.
% OLIVEIRA, V. F. Trajetória e estado da arte da formação em Engenharia, Arquitetura e Agronomia – volume I: Engenharias. Organizador: Vanderlí Fava de Oliveira. Brasília: Instituto Nacional de Estudos e Pesquisas Educacionais Anísio Teixeira, Conselho Federal de Engenharia, Arquitetura e Agronomia, 2010, 304 p.
% PARDAL, P. Brasil, 1792: início do ensino da engenharia civil e da Escola de Engenharia da UFRJ. Rio de Janeiro: Fundação Emílio Odebrecht, 1985.
% TELES, P.C. História da Engenharia no Brasil. Livros Técnicos e Científicos Editora S.A. 1984.
% UNIVERSIDADE FEDERAL DE SÃO CARLOS. Portaria GR n° 522/06, de 10 de novembro de 2006. Dispõe sobre normas para a sistemática de avaliação do desempenho dos estudantes e procedimentos correspondentes.
% UNIVERSIDADE FEDERAL DE SÃO CARLOS. Portaria GR n° 461/06, de 07 de agosto de 2006. Dispõe sobre normas de definição e gerenciamento das atividades complementares nos cursos de graduação e procedimentos correspondentes.
% UNIVERSIDADE FEDERAL DE SÃO CARLOS. Portaria GR n° 539/03, de 08 de maio de 2003. Regulamenta o Artigo 58 do Regimento Geral da UFSCar que dispõe sobre o prazo máximo para a integralização curricular nos cursos de graduação.
% UNIVERSIDADE FEDERAL DE SÃO CARLOS. Portaria GR n° 771/04, de 18 de junho de 2004. Dispõe sobre normas e procedimentos referentes às atribuições de currículo, criações,
% UNIVERSIDADE FEDERAL DE SÃO CARLOS. Portaria GR no 282/09, de 14 de setembro de 2009, que dispõe sobre a realização de estágios de estudantes dos Cursos de Graduação da UFSCar.
% UNIVERSIDADE FEDERAL DE SÃO CARLOS. Portaria GR No 662/03, de 05 dezembro de 2003. – Regulamento Geral das Coordenações de Cursos de Graduação da UFSCar 05 de dezembro de 2003.Dispõe sobre o Regulamento Geral das Coordenações de Cursos de Graduação.